@article{du2011appliance,
  title={Appliance commitment for household load scheduling},
  author={Du, Pengwei and Lu, Ning},
  journal={IEEE transactions on Smart Grid},
  volume={2},
  number={2},
  pages={411--419},
  year={2011},
  publisher={IEEE}
}

@article{kim2011scheduling,
  title={Scheduling power consumption with price uncertainty},
  author={Kim, T{\`u}ng T and Poor, H Vincent},
  journal={IEEE Transactions on Smart Grid},
  volume={2},
  number={3},
  pages={519--527},
  year={2011},
  publisher={IEEE}
}

@article{kim2013bidirectional,
  title={Bidirectional energy trading and residential load scheduling with electric vehicles in the smart grid},
  author={Kim, Byung-Gook and Ren, Shaolei and van der Schaar, Mihaela and Lee, Jang-Won},
  journal={IEEE Journal on Selected Areas in Communications},
  volume={31},
  number={7},
  pages={1219--1234},
  year={2013},
  publisher={IEEE}
}

@article{mohsenian2010optimal,
  title={Optimal residential load control with price prediction in real-time electricity pricing environments},
  author={Mohsenian-Rad, Amir-Hamed and Leon-Garcia, Alberto},
  journal={IEEE Transactions on Smart Grid},
  volume={1},
  number={2},
  pages={120--133},
  year={2010},
  publisher={IEEE}
}

@article{song2014demand,
  title={Demand side management in smart grids using a repeated game framework},
  author={Song, Linqi and Xiao, Yuanzhang and Van Der Schaar, Mihaela},
  journal={IEEE Journal on Selected Areas in Communications},
  volume={32},
  number={7},
  pages={1412--1424},
  year={2014},
  publisher={IEEE}
}

