@string{proc = {Proceedings of the }}

@inproceedings{castro1999practical,
  title={Practical {B}yzantine fault tolerance},
  author={Castro, Miguel and Liskov, Barbara},
  booktitle=proc # {Symposium on Operating Systems Design and Implementation (OSDI)},
  pages={173--186},
  month={February},
  year={1999}
}

@inproceedings{efthymiou2010smart,
  title={Smart grid privacy via anonymization of smart metering data},
  author={Efthymiou, Costas and Kalogridis, Georgios},
  booktitle=proc # {2010 1st IEEE International Conference on Smart Grid Communications (SmartGridComm)},
  pages={238--243},
  year={2010},
  organization={IEEE}
}

@conference{eisele2017riaps,
	title={{RIAPS}: Resilient Information Architecture Platform for Decentralized Smart Systems},
	author={Scott Eisele and Madari, Istvan and Dubey, Abhishek and Karsai, Gabor},
	booktitle=proc # {20th IEEE International Symposium on Real-Time Computing (ISORC)},
	year={2017},
	month={May},
	publisher={IEEE},
	attachments={http://www.isis.vanderbilt.edu/sites/default/files/paper_4.pdf},
}

@techreport{gray2016introducing,
  title={Introducing {P}roject ``{B}letchley''},
  author={Marley Gray},
  institution={Microsoft Azure Blockchain Engineering},
  year={2016},
  month={June},
  howpublished={\url{https://github.com/Azure/azure-blockchain-projects/blob/master/bletchley/bletchley-whitepaper.md}},
}

@misc{hyperledger2017fabric,
  title={The {F}abric {M}odel},
  author={Hyperledger},
  year={2017},
  howpublished={\url{http://hyperledger-fabric.readthedocs.io/en/latest/fabric_model.html}},
  note={Accessed: April 24th, 2017}
}

@article{mcdaniel2009security,
  title={Security and privacy challenges in the smart grid},
  author={McDaniel, Patrick and McLaughlin, Stephen},
  journal={IEEE Security \& Privacy},
  volume={7},
  number={3},
  year={2009},
  publisher={IEEE}
}

@inproceedings{miers2013zerocoin,
  title={Zerocoin: {Anonymous} distributed e-cash from {Bitcoin}},
  author={Miers, Ian and Garman, Christina and Green, Matthew and Rubin, Aviel D},
  booktitle=proc # {2013 IEEE Symposium on Security and Privacy (S\&P},
  pages={397--411},
  year={2013},
  organization={IEEE}
}

@techreport{poon2016bitcoin,
  title={The {B}itcoin Lightning Network:
Scalable Off-Chain Instant Payments},
  author={Stefan Thomas and Evan Schwartz},
  institution={Lightning Network},
  year={2016},
  month={January},
  howpublished={\url{https://lightning.network/lightning-network-paper.pdf}},
  note={Accessed: April 24th, 2017}
}

@inproceedings{rajagopalan2011smart,
  title={Smart meter privacy: {A} utility-privacy framework},
  author={Rajagopalan, S Raj and Sankar, Lalitha and Mohajer, Soheil and Poor, H Vincent},
  booktitle=proc # {2011 IEEE International Conference on Smart Grid Communications (SmartGridComm)},
  pages={190--195},
  year={2011},
  organization={IEEE}
}

@article{sankar2013smart,
  title={Smart meter privacy: A theoretical framework},
  author={Sankar, Lalitha and Rajagopalan, S Raj and Mohajer, Soheil},
  journal={IEEE Transactions on Smart Grid},
  volume={4},
  number={2},
  pages={837--846},
  year={2013},
  publisher={IEEE}
}

@article{tan2013increasing,
  title={Increasing smart meter privacy through energy harvesting and storage devices},
  author={Tan, Onur and Gunduz, Deniz and Poor, H Vincent},
  journal={IEEE Journal on Selected Areas in Communications},
  volume={31},
  number={7},
  pages={1331--1341},
  year={2013},
  publisher={IEEE}
}

@techreport{thomas_protocol,
  title={A Protocol for Interledger Payments},
  author={Stefan Thomas and Evan Schwartz},
  institution={Interledger Team},
  howpublished={\url{https://interledger.org/interledger.pdf}},
  note={Accessed: April 24th, 2017}
}

@inproceedings{varodayan2011smart,
  title={Smart meter privacy using a rechargeable battery: Minimizing the rate of information leakage},
  author={Varodayan, David and Khisti, Ashish},
  booktitle=proc # {2011 IEEE International Conference on Acoustics, Speech and Signal Processing (ICASSP)},
  pages={1932--1935},
  year={2011},
  organization={IEEE}
}

