@string{proc = {Proceedings of the}}

@inproceedings{castro1999practical,
  title={Practical {B}yzantine fault tolerance},
  author={Castro, Miguel and Liskov, Barbara},
  booktitle=proc # {Symposium on Operating Systems Design and Implementation (OSDI)},
  pages={173--186},
  month={February},
  year={1999}
}

@conference{eisele2017riaps,
	title={{RIAPS}: Resilient Information Architecture Platform for Decentralized Smart Systems},
	author={Scott Eisele and Madari, Istvan and Dubey, Abhishek and Karsai, Gabor},
	booktitle=proc # {20th IEEE International Symposium on Real-Time Computing (ISORC)},
	year={2017},
	month={May},
	publisher={IEEE},
	attachments={http://www.isis.vanderbilt.edu/sites/default/files/paper_4.pdf},
}

@techreport{gray2016introducing,
  title={Introducing {P}roject ``{B}letchley''},
  author={Marley Gray},
  institution={Microsoft Azure Blockchain Engineering},
  year={2016},
  month={June},
  howpublished={\url{https://github.com/Azure/azure-blockchain-projects/blob/master/bletchley/bletchley-whitepaper.md}},
}

@misc{hyperledger2017fabric,
  title={The {F}abric {M}odel},
  author={Hyperledger},
  year={2017},
  howpublished={\url{http://hyperledger-fabric.readthedocs.io/en/latest/fabric_model.html}},
  note={Accessed: April 24th, 2017}
}

@techreport{poon2016bitcoin,
  title={The {B}itcoin Lightning Network:
Scalable Off-Chain Instant Payments},
  author={Stefan Thomas and Evan Schwartz},
  institution={Lightning Network},
  year={2016},
  month={January},
  howpublished={\url{https://lightning.network/lightning-network-paper.pdf}},
  note={Accessed: April 24th, 2017}
}

@techreport{thomas_protocol,
  title={A Protocol for Interledger Payments},
  author={Stefan Thomas and Evan Schwartz},
  institution={Interledger Team},
  howpublished={\url{https://interledger.org/interledger.pdf}},
  note={Accessed: April 24th, 2017}
}

@misc{wood_polkadot,
  title={Polkadot: Vision for a Heterogeneous Multi-Chain Framework},
  author={Gavin Wood},
  year={2016},
  howpublished={\url{https://github.com/polkadot-io/polkadotpaper/raw/master/PolkaDotPaper.pdf}},
  note={Accessed: May 15th, 2017}
}


